%% This BibTeX bibliography file was created using BibDesk.
%% http://bibdesk.sourceforge.net/


%% Created for Will Spurgin at 2016-12-01 09:26:04 -0600 


%% Saved with string encoding Unicode (UTF-8) 



@inbook{Mahjoub:2010,
	Address = {Berlin, Heidelberg},
	Author = {Mahjoub, Dhia and Matula, David W.},
	Booktitle = {Distributed Computing in Sensor Systems: 6th IEEE International Conference, DCOSS 2010, Santa Barbara, CA, USA, June 21-23, 2010. Proceedings},
	Date-Added = {2016-12-01 15:21:41 +0000},
	Date-Modified = {2016-12-01 15:25:36 +0000},
	Doi = {10.1007/978-3-642-13651-1_11},
	Editor = {Rajaraman, Rajmohan and Moscibroda, Thomas and Dunkels, Adam and Scaglione, Anna},
	Isbn = {978-3-642-13651-1},
	Pages = {144--157},
	Publisher = {Springer Berlin Heidelberg},
	Title = {Building (1{\thinspace}-{\thinspace}$\epsilon$) Dominating Sets Partition as Backbones in Wireless Sensor Networks Using Distributed Graph Coloring},
	Url = {http://dx.doi.org/10.1007/978-3-642-13651-1_11},
	Year = {2010},
	Bdsk-Url-1 = {http://dx.doi.org/10.1007/978-3-642-13651-1_11}}

@article{Matula:1983,
	Acmid = {322385},
	Address = {New York, NY, USA},
	Author = {Matula, David W. and Beck, Leland L.},
	Date-Added = {2016-12-01 15:19:18 +0000},
	Date-Modified = {2016-12-01 15:19:25 +0000},
	Doi = {10.1145/2402.322385},
	Issn = {0004-5411},
	Issue_Date = {July 1983},
	Journal = {J. ACM},
	Month = jul,
	Number = {3},
	Numpages = {11},
	Pages = {417--427},
	Publisher = {ACM},
	Title = {Smallest-last Ordering and Clustering and Graph Coloring Algorithms},
	Url = {http://doi.acm.org.proxy.libraries.smu.edu/10.1145/2402.322385},
	Volume = {30},
	Year = {1983},
	Bdsk-Url-1 = {http://doi.acm.org.proxy.libraries.smu.edu/10.1145/2402.322385},
	Bdsk-Url-2 = {http://dx.doi.org/10.1145/2402.322385}}

@article{Mahjoub:2012,
	Author = {Dhia Mahjoub and David W. Matula},
	Date-Added = {2016-12-01 15:17:22 +0000},
	Date-Modified = {2016-12-01 15:17:52 +0000},
	Doi = {http://dx.doi.org/10.1016/j.comcom.2012.02.013},
	Issn = {0140-3664},
	Journal = {Computer Communications},
	Keywords = {Domatic partition},
	Note = {Special Issue: Wireless Sensor and Robot Networks: Algorithms and Experiments},
	Number = {9},
	Pages = {1086 - 1097},
	Title = {Constructing efficient rotating backbones in wireless sensor networks using graph coloring},
	Url = {http://www.sciencedirect.com/science/article/pii/S0140366412000722},
	Volume = {35},
	Year = {2012},
	Bdsk-Url-1 = {http://www.sciencedirect.com/science/article/pii/S0140366412000722},
	Bdsk-Url-2 = {http://dx.doi.org/10.1016/j.comcom.2012.02.013}}
